
@inproceedings{singh2011large,
 title={Large-scale cross-document coreference using distributed inference and hierarchical models},
 author={Singh, Sameer and Subramanya, Amarnag and Pereira, Fernando and McCallum, Andrew},
 booktitle={Proceedings of the 49th Annual Meeting of the Association for Computational Linguistics: Human Language Technologies-Volume 1},
 pages={793--803},
 year={2011},
 organization={Association for Computational Linguistics}
}

@inproceedings{Wick:2012:DHM:2390524.2390578,
 author = {Wick, Michael and Singh, Sameer and McCallum, Andrew},
 title = {A Discriminative Hierarchical Model for Fast Coreference at Large Scale},
 booktitle = {Proceedings of the 50th Annual Meeting of the Association for Computational Linguistics: Long Papers - Volume 1},
 series = {ACL '12},
 year = {2012},
 location = {Jeju Island, Korea},
 pages = {379--388},
 numpages = {10},
 url = {http://dl.acm.org/citation.cfm?id=2390524.2390578},
 acmid = {2390578},
 publisher = {Association for Computational Linguistics},
 address = {Stroudsburg, PA, USA},
}

@techreport{singh12:wiki-links,
 author    = "Sameer Singh and Amarnag Subramanya and Fernando Pereira and Andrew McCallum",
 title     = "Wikilinks: A Large-scale Cross-Document Coreference Corpus Labeled via Links to {Wikipedia}",
 institution = "University of Massachusetts, Amherst",
 number    = "UM-CS-2012-015",
 year      = "2012"
}

@inproceedings{singh2012monte,
  title={Monte Carlo MCMC: efficient inference by approximate sampling},
  author={Singh, Sameer and Wick, Michael and McCallum, Andrew},
  booktitle={Proceedings of the 2012 Joint Conference on Empirical Methods in Natural Language Processing and Computational Natural Language Learning},
  pages={1104--1113},
  year={2012},
  organization={Association for Computational Linguistics}
}

@inproceedings{sculley2006compression,
  title={Compression and machine learning: A new perspective on feature space vectors},
  author={Sculley, D and Brodley, Carla E},
  booktitle={Data Compression Conference, 2006. DCC 2006. Proceedings},
  pages={332--341},
  year={2006},
  organization={IEEE}
}



