
@inproceedings{singh2011large,
 title={Large-scale cross-document coreference using distributed inference and hierarchical models},
 author={Singh, Sameer and Subramanya, Amarnag and Pereira, Fernando and McCallum, Andrew},
 booktitle={Proceedings of the 49th Annual Meeting of the Association for Computational Linguistics: Human Language Technologies-Volume 1},
 pages={793--803},
 year={2011},
 organization={Association for Computational Linguistics}
}

@inproceedings{wick2013discriminative,
 author = {Wick, Michael and Singh, Sameer and McCallum, Andrew},
 title = {A Discriminative Hierarchical Model for Fast Coreference at Large Scale},
 booktitle = {Proceedings of the 50th Annual Meeting of the Association for Computational Linguistics: Long Papers - Volume 1},
 series = {ACL '12},
 year = {2012},
 location = {Jeju Island, Korea},
 pages = {379--388},
 numpages = {10},
 url = {http://dl.acm.org/citation.cfm?id=2390524.2390578},
 acmid = {2390578},
 publisher = {Association for Computational Linguistics},
 address = {Stroudsburg, PA, USA},
}

@techreport{singh12:wiki-links,
 author    = "Sameer Singh and Amarnag Subramanya and Fernando Pereira and Andrew McCallum",
 title     = "Wikilinks: A Large-scale Cross-Document Coreference Corpus Labeled via Links to {Wikipedia}",
 institution = "University of Massachusetts, Amherst",
 number    = "UM-CS-2012-015",
 year      = "2012"
}

@inproceedings{singh2012monte,
  title={Monte Carlo MCMC: efficient inference by approximate sampling},
  author={Singh, Sameer and Wick, Michael and McCallum, Andrew},
  booktitle={Proceedings of the 2012 Joint Conference on Empirical Methods in Natural Language Processing and Computational Natural Language Learning},
  pages={1104--1113},
  year={2012},
  organization={Association for Computational Linguistics}
}

@inproceedings{sculley2006compression,
  title={Compression and machine learning: A new perspective on feature space vectors},
  author={Sculley, D and Brodley, Carla E},
  booktitle={Data Compression Conference, 2006. DCC 2006. Proceedings},
  pages={332--341},
  year={2006},
  organization={IEEE}
}

@inproceedings{mccallum03towardconditional,
    author = {Andrew Mccallum and Ben Wellner},
    title = {Toward Conditional Models of Identity Uncertainty with Application to Proper Noun Coreference},
    booktitle = {In NIPS},
    year = {2003},
    pages = {905--912},
    publisher = {MIT Press}
}

@book{koller2009probabilistic,
  title={Probabilistic graphical models: principlese and techniques},
  author={Daphne Koller and Nir Friedman},
  year={2009},
  publisher={MIT press}
}

@inproceedings{rao2010streaming,
 author = {Rao, Delip and McNamee, Paul and Dredze, Mark},
 title = {Streaming Cross Document Entity Coreference Resolution},
 booktitle = {Proceedings of the 23rd International Conference on Computational Linguistics: Posters},
 series = {COLING '10},
 year = {2010},
 location = {Beijing, China},
 pages = {1050--1058},
 numpages = {9},
 url = {http://dl.acm.org/citation.cfm?id=1944566.1944687},
 acmid = {1944687},
 publisher = {Association for Computational Linguistics},
 address = {Stroudsburg, PA, USA},
} 

@inproceedings{charikar1997incremental,
 author = {Charikar, Moses and Chekuri, Chandra and Feder, Tom\'{a}s and Motwani, Rajeev},
 title = {Incremental Clustering and Dynamic Information Retrieval},
 booktitle = {Proceedings of the Twenty-ninth Annual ACM Symposium on Theory of Computing},
 series = {STOC '97},
 year = {1997},
 isbn = {0-89791-888-6},
 location = {El Paso, Texas, USA},
 pages = {626--635},
 numpages = {10},
 url = {http://doi.acm.org/10.1145/258533.258657},
 doi = {10.1145/258533.258657},
 acmid = {258657},
 publisher = {ACM},
 address = {New York, NY, USA},
}

@inproceedings{omiecinski1984global,
 author = {Omiecinski, Edward and Scheuermann, Peter},
 title = {A Global Approach to Record Clustering and File Reorganization},
 booktitle = {Proceedings of the 7th Annual International ACM SIGIR Conference on Research and Development in Information Retrieval},
 series = {SIGIR '84},
 year = {1984},
 isbn = {0-521-26865-6},
 location = {Cambridge, England},
 pages = {201--219},
 numpages = {19},
 url = {http://dl.acm.org/citation.cfm?id=636805.636818},
 acmid = {636818},
 publisher = {British Computer Society},
 address = {Swinton, UK, UK},
}

@article{flajolet2008hyperloglog,
  title={HyperLogLog: the analysis of a near-optimal cardinality estimation algorithm},
  author={Flajolet, Philippe and Fusy, {\'E}ric and Gandouet, Olivier and Meunier, Fr{\'e}d{\'e}ric},
  journal = {DMTCS Proceedings},
  volume = {0},
  number = {1},
  year = {2008},
  keywords = {},
  issn = {1365-8050}
}


@article{bellare2013woo,
 author = {Bellare, Kedar and Curino, Carlo and Machanavajihala, Ashwin and Mika, Peter and Rahurkar, Mandar and Sane, Aamod},
 title = {WOO: A Scalable and Multi-tenant Platform for Continuous Knowledge Base Synthesis},
 journal = {Proc. VLDB Endow.},
 issue_date = {August 2013},
 volume = {6},
 number = {11},
 month = aug,
 year = {2013},
 issn = {2150-8097},
 pages = {1114--1125},
 numpages = {12},
 url = {http://dx.doi.org/10.14778/2536222.2536236},
 doi = {10.14778/2536222.2536236},
 acmid = {2536236},
 publisher = {VLDB Endowment},
} 


@techreport{frank2013evaluating,
  title={Evaluating Stream Filtering for Entity Profile Updates for TREC 2013 (KBA Track Overview)},
  author={Frank, John R and Bauer, Steven J and Kleiman-Weiner, Max and Roberts, Daniel A and Tripuraneni, Nilesh and Zhang, Ce and Re, Christopher and Voorhees, Ellen and Soboroff, Ian},
  year={2013},
  institution={DTIC Document}
}


@inproceedings{avnur2000eddies,
  title={Eddies: Continuously adaptive query processing},
  author={Avnur, Ron and Hellerstein, Joseph M},
  booktitle={ACM SIGMOD Record},
  volume={29},
  number={2},
  pages={261--272},
  year={2000},
  organization={ACM}
}

@misc{dalton2015fakba1,
  title={FAKBA1: Freebase annotation of TREC KBA Stream Corpus, Version 1 (Release date 2015-01-26, Format version 1, Correction level 0)},
  author= {Dalton, Jeff and Frank, John R. and Gabrilovich, Evgeniy and Ringgaard, Michael and Subramanya, Amarnag},
  year={January 2015},
  url={http://trec-kba.org/data/fakba1/}
}





